<record><leader>00000cas a2200000 a 4500</leader><controlfield tag="001">8786796</controlfield><controlfield tag="008">820918d184318uuiluwr ne      0   a0eng  </controlfield><datafield ind1=" " ind2=" " tag="010"><subfield code="a">sn 82014577 </subfield></datafield><datafield ind1=" " ind2=" " tag="040"><subfield code="a">DLC</subfield><subfield code="b">eng</subfield><subfield code="c">DLC</subfield><subfield code="d">NVF</subfield><subfield code="d">OCL</subfield><subfield code="d">NVF</subfield><subfield code="d">OCLCO</subfield><subfield code="d">OCLCQ</subfield><subfield code="d">OCLCF</subfield><subfield code="d">NVF</subfield><subfield code="d">OCLCO</subfield><subfield code="d">OCL</subfield><subfield code="d">AQM</subfield></datafield><datafield ind1="1" ind2=" " tag="029"><subfield code="a">AU@</subfield><subfield code="b">000025819572</subfield></datafield><datafield ind1=" " ind2=" " tag="042"><subfield code="a">pcc</subfield></datafield><datafield ind1=" " ind2=" " tag="043"><subfield code="a">n-us-il</subfield></datafield><datafield ind1="0" ind2="0" tag="050"><subfield code="a">Newspaper 7574-X</subfield></datafield><datafield ind1="0" ind2=" " tag="130"><subfield code="a">St. Clair banner (Belleville, Ill.)</subfield></datafield><datafield ind1="1" ind2="4" tag="245"><subfield code="a">The St. Clair banner.</subfield></datafield><datafield ind1="3" ind2="0" tag="246"><subfield code="a">Banner</subfield></datafield><datafield ind1="3" ind2=" " tag="246"><subfield code="a">Saint Clair banner</subfield></datafield><datafield ind1=" " ind2=" " tag="260"><subfield code="a">Belleville, St. Clair County, Ill. :</subfield><subfield code="b">William C. Kinney,</subfield><subfield code="c">1843-[18--?]</subfield></datafield><datafield ind1=" " ind2=" " tag="300"><subfield code="a">volumes ;</subfield><subfield code="c">68 cm.</subfield></datafield><datafield ind1=" " ind2=" " tag="310"><subfield code="a">Weekly</subfield></datafield><datafield ind1="0" ind2=" " tag="362"><subfield code="a">Vol. 1, no. 1 (Aug. 1, 1843)-</subfield></datafield><datafield ind1=" " ind2=" " tag="500"><subfield code="a">Issue for Jan. 16, 1844 contains an EXTRA edition.</subfield></datafield><datafield ind1=" " ind2=" " tag="530"><subfield code="a">Available on microfilm;</subfield><subfield code="b">Illinois State Historical Library.</subfield></datafield><datafield ind1=" " ind2=" " tag="588"><subfield code="a">Latest issue consulted: July 31, 1847.</subfield></datafield><datafield ind1=" " ind2="0" tag="651"><subfield code="a">Belleville (Ill.)</subfield><subfield code="v">Newspapers.</subfield></datafield><datafield ind1=" " ind2="0" tag="651"><subfield code="a">Saint Clair County (Ill.)</subfield><subfield code="v">Newspapers.</subfield></datafield><datafield ind1=" " ind2="7" tag="651"><subfield code="a">Illinois</subfield><subfield code="z">Saint Clair County.</subfield><subfield code="2">fast</subfield><subfield code="0">(OCoLC)fst01204547</subfield></datafield><datafield ind1=" " ind2="7" tag="651"><subfield code="a">Illinois</subfield><subfield code="z">Belleville.</subfield><subfield code="2">fast</subfield><subfield code="0">(OCoLC)fst01202799</subfield></datafield><datafield ind1=" " ind2="7" tag="655"><subfield code="a">Newspapers.</subfield><subfield code="2">fast</subfield><subfield code="0">(OCoLC)fst01423814</subfield></datafield><datafield ind1=" " ind2="7" tag="655"><subfield code="a">Newspapers.</subfield><subfield code="2">rbgenr</subfield></datafield><datafield ind1=" " ind2=" " tag="752"><subfield code="a">United States</subfield><subfield code="b">Illinois</subfield><subfield code="c">Saint Clair County</subfield><subfield code="d">Belleville.</subfield></datafield></record>